<?xml version="1.0" encoding="UTF-8"?><record xmlns="http://www.loc.gov/MARC21/slim" xmlns:cinclude="http://apache.org/cocoon/include/1.0" xmlns:zs="http://www.loc.gov/zing/srw/">
  <leader>01485cz  a2200217n  4500</leader>
  <controlfield tag="001">no 93030665 </controlfield>
  <controlfield tag="003">DLC</controlfield>
  <controlfield tag="005">20131221073935.0</controlfield>
  <controlfield tag="008">931013n| azannaabn          |a ana     c</controlfield>
  <datafield tag="010" ind1=" " ind2=" ">
    <subfield code="a">no 93030665 </subfield>
  </datafield>
  <datafield tag="035" ind1=" " ind2=" ">
    <subfield code="a">(OCoLC)oca03475183</subfield>
  </datafield>
  <datafield tag="040" ind1=" " ind2=" ">
    <subfield code="a">DGPO</subfield>
    <subfield code="b">eng</subfield>
    <subfield code="e">rda</subfield>
    <subfield code="c">DGPO</subfield>
    <subfield code="d">DNAL</subfield>
    <subfield code="d">DLC</subfield>
    <subfield code="d">IEN</subfield>
  </datafield>
  <datafield tag="110" ind1="1" ind2=" ">
    <subfield code="a">United States.</subfield>
    <subfield code="b">Department of Agriculture.</subfield>
    <subfield code="b">Office of Communications</subfield>
  </datafield>
  <datafield tag="410" ind1="2" ind2=" ">
    <subfield code="a">OC (Office of Communications)</subfield>
  </datafield>
  <datafield tag="410" ind1="1" ind2=" ">
    <subfield code="w">nnea</subfield>
    <subfield code="a">United States.</subfield>
    <subfield code="b">Dept. of Agriculture.</subfield>
    <subfield code="b">Office of Communications</subfield>
  </datafield>
  <datafield tag="510" ind1="1" ind2=" ">
    <subfield code="w">a</subfield>
    <subfield code="a">United States.</subfield>
    <subfield code="b">Department of Agriculture.</subfield>
    <subfield code="b">Office of Publishing and Visual Communication</subfield>
  </datafield>
  <datafield tag="510" ind1="1" ind2=" ">
    <subfield code="w">r</subfield>
    <subfield code="i">Hierarchical superior:</subfield>
    <subfield code="a">United States.</subfield>
    <subfield code="b">Department of Agriculture</subfield>
  </datafield>
  <datafield tag="670" ind1=" " ind2=" ">
    <subfield code="a">United States. Dept. of Agriculture. List of available publications of the United States Department of Agriculture, No. 11 (1993):</subfield>
    <subfield code="b">cover (United States Department of Agriculture, Office of Communications)</subfield>
  </datafield>
  <datafield tag="670" ind1=" " ind2=" ">
    <subfield code="a">Phone call to compiler, list no. 11, at USDA, 10/13/93</subfield>
    <subfield code="b">(office undergoing reorg.; considered as subord. to Office of Publishing and Visual Communication, but may change; previous pubs. issued by Office of Public Affairs)</subfield>
  </datafield>
  <datafield tag="670" ind1=" " ind2=" ">
    <subfield code="a">How to get information from the United States Department of Agriculture (Online), Apr. 1977:</subfield>
    <subfield code="b">t.p. (United States Department of Agriculture, Office of Communications, OC)</subfield>
  </datafield>
  <datafield tag="670" ind1=" " ind2=" ">
    <subfield code="a">Phone call to the Office, 10/9/97</subfield>
    <subfield code="b">(Office of Publishing and Visual Communication was replaced by the Office of Communications around 1993-1994)</subfield>
  </datafield>
</record>